@article{dcourt,
  author = {Derenoncourt, Ellora},
  title = {Can You Move to Opportunity? Evidence from the Great Migration.},
  journal = {American Economic Review},
  year = {2022},
  volume = {112},
  number = {2},
  pages = {369-408},
  doi = {https://doi.org/10.1257/aer.20200002},
}
@misc{ipums,
  author = {Ruggles, Steven and Flood, Sarah and Sobek, Matthew and Brockman, Danika and Cooper, Grace and Richards, Stephanie and Schouweiler, Megan},
  title = {{IPUMS USA: Version 13.0}},
  howpublished = {[dataset]},
  year = {2023},
  publisher = {IPUMS},
  address = {Minneapolis, MN},
  url = {https://doi.org/10.18128/D010.V13.0},
}
@misc{nhgis,
  author = {Manson, Steven and Schroeder, Jonathan and Van Riper, David and Kugler, Tracy and Ruggles, Steven},
  title = {{IPUMS National Historical Geographic Information System: Version 17.0}},
  howpublished = {[dataset]},
  year = {2022},
  publisher = {IPUMS},
  address = {Minneapolis, MN},
  url = {http://doi.org/10.18128/D050.V17.0},
}

@misc{censusplaces,
  author = {US Census Bureau},
  title = {{American National Standards Institute, Federal Information Processing Series, and Other Standardized Geographic Codes}},
  howpublished = {[dataset]},
  year = {2023},
  url = {https://www.census.gov/library/reference/code-lists/ansi.html},
}
@misc{cz,
  author = {Autor, D. and Dorn, D.},
  title = {{Data for: The growth of low-skill service jobs and the polarization of the US labor market}},
  howpublished = {[Webpage]},
  year = {2023},
  url = {https://www.ddorn.net/data.htm},
}

@misc{cog,
  title = {{US Census of Governments Historical Datasets}},
  author = {{United States Census Bureau}},
  howpublished = {[Dataset]},
  year = {Accessed 2023},
  url = {https://www.census.gov/programs-surveys/cog/data/historical-data.html},
}


@misc{99mfips,
  title = {{METROPOLITAN AREAS AND COMPONENTS, 1999, WITH FIPS CODES}},
  author = {{Population Division, U.S. Census Bureau}},
  howpublished = {[Dataset]},
  year = {1999},
  url = {https://www2.census.gov/programs-surveys/metro-micro/geographies/reference-files/1999/historical-delineation-files/99mfips.txt},
}